<record><leader>00000cas a2200000 a 4500</leader><controlfield tag="001">27701442</controlfield><controlfield tag="008">930310d18551uuuilucr ne      0   a0eng c</controlfield><datafield ind1=" " ind2=" " tag="010"><subfield code="a">sn 93055522 </subfield></datafield><datafield ind1=" " ind2=" " tag="040"><subfield code="a">NVF</subfield><subfield code="b">eng</subfield><subfield code="c">NVF</subfield><subfield code="d">OCL</subfield><subfield code="d">NVF</subfield><subfield code="d">OCLCQ</subfield><subfield code="d">NVF</subfield><subfield code="d">OCLCF</subfield><subfield code="d">NVF</subfield><subfield code="d">OCLCO</subfield></datafield><datafield ind1="1" ind2=" " tag="029"><subfield code="a">AU@</subfield><subfield code="b">000020230623</subfield></datafield><datafield ind1=" " ind2=" " tag="042"><subfield code="a">pcc</subfield></datafield><datafield ind1=" " ind2=" " tag="043"><subfield code="a">n-us-il</subfield></datafield><datafield ind1="0" ind2=" " tag="130"><subfield code="a">Monmouth review (Monmouth, Ill. : Weekly)</subfield></datafield><datafield ind1="1" ind2="4" tag="245"><subfield code="a">The Monmouth review.</subfield></datafield><datafield ind1="1" ind2="3" tag="246"><subfield code="a">Weekly review</subfield></datafield><datafield ind1=" " ind2=" " tag="260"><subfield code="a">Monmouth, Warren Co., Ills. [Ill.] :</subfield><subfield code="b">A.H. Swain,</subfield><subfield code="c">1855-[1---?].</subfield></datafield><datafield ind1=" " ind2=" " tag="300"><subfield code="a">v.</subfield></datafield><datafield ind1=" " ind2=" " tag="310"><subfield code="a">Semiweekly,</subfield><subfield code="b">Apr. 5, 1887-&lt;Nov. 2, 1888&gt;</subfield></datafield><datafield ind1=" " ind2=" " tag="321"><subfield code="a">Weekly,</subfield><subfield code="b">Dec. 28, 1855-Apr. 1, 1887</subfield></datafield><datafield ind1="0" ind2=" " tag="362"><subfield code="a">Vol. 1, no. 1 (Dec. 28, 1855)-</subfield></datafield><datafield ind1=" " ind2=" " tag="515"><subfield code="a">Some issues lack volume numbering.</subfield></datafield><datafield ind1=" " ind2=" " tag="515"><subfield code="a">Semiweekly: both issues per week have same issue number.</subfield></datafield><datafield ind1=" " ind2=" " tag="515"><subfield code="a">Semiweekly: Tuesday issue called also Part 1, and Friday issue called also Part 2, Apr. 5, 1887-Jan. 10, 1888.</subfield></datafield><datafield ind1=" " ind2=" " tag="530"><subfield code="a">Preservation microfilmed by the University of Illinois at Urbana-Champaign Library as part of the United States Newspaper Program; the years 1871-1879 (on 2 microfilm reels) are available for purchase from OCLC Preservation Service Centers.</subfield></datafield><datafield ind1=" " ind2=" " tag="588"><subfield code="a">Latest issue consulted: Nov. 2, 1888.</subfield></datafield><datafield ind1=" " ind2="0" tag="651"><subfield code="a">Monmouth (Ill.)</subfield><subfield code="v">Newspapers.</subfield></datafield><datafield ind1=" " ind2="7" tag="651"><subfield code="a">Illinois</subfield><subfield code="z">Monmouth.</subfield><subfield code="2">fast</subfield><subfield code="0">(OCoLC)fst01217743</subfield></datafield><datafield ind1=" " ind2="7" tag="655"><subfield code="a">Newspapers.</subfield><subfield code="2">fast</subfield><subfield code="0">(OCoLC)fst01423814</subfield></datafield><datafield ind1=" " ind2=" " tag="752"><subfield code="a">United States</subfield><subfield code="b">Illinois</subfield><subfield code="c">Warren</subfield><subfield code="d">Monmouth.</subfield></datafield><datafield ind1="0" ind2=" " tag="775"><subfield code="t">Daily review (Monmouth, Ill.)</subfield><subfield code="w">(DLC)sn 93055523</subfield><subfield code="w">(OCoLC)27701532</subfield></datafield><datafield ind1="0" ind2=" " tag="775"><subfield code="t">Monmouth daily review (Monmouth, Ill. : 1888)</subfield><subfield code="w">(DLC)sn 93055524</subfield><subfield code="w">(OCoLC)27701643</subfield></datafield><datafield ind1="0" ind2=" " tag="775"><subfield code="t">Monmouth review (Monmouth, Ill. : Triweekly)</subfield><subfield code="w">(DLC)sn 93055525</subfield><subfield code="w">(OCoLC)27701806</subfield></datafield><datafield ind1="0" ind2=" " tag="775"><subfield code="t">Monmouth daily review (Monmouth, Ill. : 1890)</subfield><subfield code="w">(DLC)sn 93055526</subfield><subfield code="w">(OCoLC)27701927</subfield></datafield></record>